
@misc{cellularAutomata,
      title = {Cellular Automata},
      howpublished = {\url{http://plato.stanford.edu/entries/cellular-automata/}},	
      note = {Accessed: 04-12-2013}
}

@misc{nature,
      title = {Nature of Code},
      howpublished = {\url{http://natureofcode.com/book/chapter-7-cellular-automata/}},	
      note = {Accessed: 04-12-2013}
}

@article{particleSimulation,
	author = {Carter Chamberlain},
	title = {Particle Simulation with Cellular Automaton},
	howpublished = {\url{http://compmath.files.wordpress.com/2009/02/ccfreport.pdf}},
	year = {2009}
}